<?xml version="1.0" encoding="UTF-8"?><collection xmlns="http://www.loc.gov/MARC21/slim"><record><leader>00591nam--2200181-i-4500</leader><controlfield tag="001">000015343</controlfield><controlfield tag="002">20161230</controlfield><controlfield tag="005">20161230201031</controlfield><controlfield tag="008">060222s1000------------r-----000-0-rus-d</controlfield><datafield ind1=" " ind2=" " tag="040"><subfield code="a">IFIN-HH</subfield></datafield><datafield ind1=" " ind2=" " tag="041"><subfield code="a">rus</subfield></datafield><datafield ind1=" " ind2=" " tag="080"><subfield code="a">539.12</subfield></datafield><datafield ind1="1" ind2=" " tag="110"><subfield code="a">Institut Badan Jadrowych</subfield></datafield><datafield ind1="1" ind2="0" tag="245"><subfield code="a">Seminarium na temat wielkich pekow atmosferycznych promieniowania kosmicznego lodz, 4-8 stycznia 1965 g; the seminar on cosmic rays extensive air showers lodz, 4-8 januar 1965</subfield></datafield><datafield ind1=" " ind2=" " tag="260"><subfield code="a">Lodz</subfield><subfield code="b">Institut Badan Jadrowych</subfield><subfield code="c">1965</subfield></datafield><datafield ind1=" " ind2=" " tag="300"><subfield code="a">267P</subfield></datafield><datafield ind1=" " ind2=" " tag="852"><subfield code="a">22600</subfield><subfield code="c">539.13</subfield></datafield><datafield ind1=" " ind2=" " tag="CAT"><subfield code="a">Sys</subfield><subfield code="c">20120223</subfield><subfield code="h">153452</subfield></datafield></record></collection>